@article{Melton,
title={Recurrent somatic mutations in regulatory regions of human cancer genomes},
author={Melton and Reuter and Spacek and Snyder},
journal={Nature genetics},
volume={47},
number={7},
pages={710--716},
year={2015},
publisher={Nature Publishing Group}
}

@article{Voulalas,
title={Acute Ischemia of Extremity as a First Manifestation of Peripheral Artery Leiomyosarcoma: Report of a Case and Review of the Literature},
author={Voulalas and Giannakakis and Maltezos },
journal={Annals of vascular surgery},
year={2016},
publisher={Elsevier}
}

@article{LMS,
title={Primary solid tumors of the mesentery},
author={Yannopoulos and Stout },
journal={Cancer},
volume={16},
number={7},
pages={914--927},
year={1963},
publisher={Wiley Online Library}
}

@article{Detecting,
title={Detecting somatic point mutations in cancer genome sequencing data: a comparison of mutation callers},
author={Wang and Jia and Li and Haiquan and Hongbin and Hucks and Dahlman and Pao and Zhao and others},
journal={Genome Med},
volume={5},
number={10},
pages={91},
year={2013}
}

@article{Jaspar,
title={JASPAR 2016: a major expansion and update of the open-access database of transcription factor binding profiles},
author={Mathelier and Fornes and Arenillas and Chen and Denay and Lee and Shi and Shyr  and Tan and Worsley-Hunt and others},
journal={Nucleic acids research},
pages={gkv1176},
year={2015},
publisher={Oxford Univ Press}
}

@article{Regulome,
title={Annotation of functional variation in personal genomes using RegulomeDB},
author={Boyle and Hong and Hariharan and Cheng and Schaub and Kasowski and Karczewski and Park and Hitz and Weng and others},
journal={Genome research},
volume={22},
number={9},
pages={1790--1797},
year={2012},
publisher={Cold Spring Harbor Lab}
}

@article{ref7,
title={Review of current methods, applications, and data management for the bioinformatics analysis of whole exome sequencing},
author={Bao and Huang and Andrade and Tan and Kibbe and Jiang and Feng},
journal={Cancer informatics},
pages={67--83},
year={2014},
publisher={Libertas Academica Ltd.}
}

@article{ref9,
title={An atlas of combinatorial transcriptional regulation in mouse and man},
author={Ravasi and Suzuki and Cannistraci and Katayama and Bajic and Tan and Akalin and Schmeier and Kanamori-Katayama and Bertin and others},
journal={Cell},
volume={140},
number={5},
pages={744--752},
year={2010},
publisher={Elsevier}
}

@article{Varscan,
title={VarScan 2: somatic mutation and copy number alteration discovery in cancer by exome sequencing},
author={Koboldt and Zhang and Larson and Shen and McLellan and Lin and Miller and Mardis  and Ding and Wilson},
journal={Genome research},
volume={22},
number={3},
pages={568--576},
year={2012},
publisher={Cold Spring Harbor Lab}
}

@article{Filtre,
title={Mutational heterogeneity in cancer and the search for new cancer-associated genes},
author={Lawrence and Stojanov and Polak and Kryukov and Cibulskisn and Sivachenko and Carter and Stewart and Mermel and Roberts and others},
journal={Nature},
volume={499},
number={7457},
pages={214--218},
year={2013},
publisher={Nature Publishing Group}
}

@article{R,
  title={[''R"--project for statistical computing].},
  author={Dessau and Pipper},
  journal={Ugeskrift for laeger},
  volume={170},
  number={5},
  pages={328--330},
  year={2008}
}

@article{Bowtie,
  title={Ultrafast and memory-efficient alignment of short DNA sequences to the human genome},
  author={Langmead and Trapnell and Pop and Salzberg and others},
  journal={Genome biol},
  volume={10},
  number={3},
  pages={R25},
  year={2009}
}

@article{Callers,
  title={Variant callers for next-generation sequencing data: a comparison study},
  author={Liu and Han and Wang and Gelernter and Yang},
  journal={PloS one},
  volume={8},
  number={9},
  pages={e75619},
  year={2013},
  publisher={Public Library of Science}
}

@article{GATK1,
  title={The Genome Analysis Toolkit: a MapReduce framework for analyzing next-generation DNA sequencing data},
  author={McKenna and Hanna and Banks and Sivachenko and Cibulskis and Kernytsky and Garimella and Altshuler and Gabriel and Daly and others},
  journal={Genome research},
  volume={20},
  number={9},
  pages={1297--1303},
  year={2010},
  publisher={Cold Spring Harbor Lab}
}

@article{Samtools,
  title={The sequence alignment/map format and SAMtools},
  author={Li and Handsaker and Wysoker and Fennell and Ruan and Homer and Marth and Abecasis and Durbin and others},
  journal={Bioinformatics},
  volume={25},
  number={16},
  pages={2078--2079},
  year={2009},
  publisher={Oxford Univ Press}
}

@article{Sniper,
  title={SomaticSniper: identification of somatic point mutations in whole genome sequencing data},
  author={Larson and Harris and Chen and Koboldt and Abbott and Dooling and Ley and Mardis  and Wilson and Ding},
  journal={Bioinformatics},
  volume={28},
  number={3},
  pages={311--317},
  year={2012},
  publisher={Oxford Univ Press}
}

@article{Mutect,
  title={Sensitive detection of somatic point mutations in impure and heterogeneous cancer samples},
  author={Cibulskis and Lawrence and Carter and Sivachenko and Jaffe and Sougnez and Gabriel and Meyerson and Lander and Getz},
  journal={Nature biotechnology},
  volume={31},
  number={3},
  pages={213--219},
  year={2013},
  publisher={Nature Publishing Group}
}

@article{Gencode,
  title={GENCODE: the reference human genome annotation for The ENCODE Project},
  author={Harrow and Frankish and Gonzalez and Tapanari and Diekhans and Kokocinski and Aken and Barrell and Zadissa and Searle and others},
  journal={Genome research},
  volume={22},
  number={9},
  pages={1760--1774},
  year={2012},
  publisher={Cold Spring Harbor Lab}
}

@article{Transfac,
  title={TRANSFAC{\textregistered}: transcriptional regulation, from patterns to profiles},
  author={Matys and Fricke and Geffers and G{\"o}{\ss}ling and Haubrock and Hehl and Hornischers and Karas and Kel and Kel-Margoulis and others},
  journal={Nucleic acids research},
  volume={31},
  number={1},
  pages={374--378},
  year={2003},
  publisher={Oxford Univ Press}
}

@article{Oreg,
  title={ORegAnno 3.0: a community-driven resource for curated regulatory annotation},
  author={Lesurf and Cotto and Wang and Griffith and Kasaian and Jones and Montgomery and Griffith and Open Regulatory Annotation Consortium and others},
  journal={Nucleic acids research},
  volume={44},
  number={D1},
  pages={D126--D132},
  year={2016},
  publisher={Oxford Univ Press}
}

@article{annot,
  title={Choice of transcripts and software has a large effect on variant annotation},
  author={McCarthy and Humburg and Kanapin and Rivas and Gaulton and Cazier and Donnelly and WGS500 Consortium and others},
  journal={Genome medicine},
  volume={6},
  number={3},
  pages={1--16},
  year={2014},
  publisher={Springer}
}

@article{Annovar,
  title={ANNOVAR: functional annotation of genetic variants from high-throughput sequencing data},
  author={Wang and Li and Hakonarsonn},
  journal={Nucleic acids research},
  volume={38},
  number={16},
  pages={e164--e164},
  year={2010},
  publisher={Oxford Univ Press}
}

@article{ensembl,
  title={The Ensembl genome database project},
  author={Hubbard and Barker and Birney and Cameron and Chen and Clark and Cox and Cuff and Curwen and Down and others},
  journal={Nucleic acids research},
  volume={30},
  number={1},
  pages={38--41},
  year={2002},
  publisher={Oxford Univ Press}
}

@article{Rpack,
  title={Variantannotation: a bioconductor package for exploration and annotation of genetic variants},
  author={Obenchain and Lawrence and Carey and Gogarten and Shannon and Morgan},
  journal={Bioinformatics},
  volume={30},
  number={14},
  pages={2076--2078},
  year={2014},
  publisher={Oxford Univ Press}
}

@article{Atlas,
  title={An integrative variant analysis suite for whole exome next-generation sequencing data},
  author={Challis and Yu and Evani and Jackson and Paithankar and Coarfa and Milosavljevic  and Gibbs and Yu},
  journal={BMC bioinformatics},
  volume={13},
  number={1},
  pages={1},
  year={2012},
  publisher={BioMed Central}
}

@article{Regulatory,
  title={Interchromosomal association and gene regulation in trans},
  author={Williams and Spilianakis and Flavell},
  journal={Trends in genetics},
  volume={26},
  number={4},
  pages={188--197},
  year={2010},
  publisher={Elsevier}
}

@article{Trans,
  title={Transactivation of the Xenopus rRNA gene promoter by its enhancer},
  author={Dunaway and Dr{\"o}ge},
  journal={Nature},
  volume={341},
  number={6243},
  pages={657--659},
  year={1989},
  publisher={Nature Publishing Group}
}

@article{Sarcoma,
  title={Soft tissue sarcomas},
  author={Cormier and Pollock},
  journal={CA: A Cancer Journal for Clinicians},
  volume={54},
  number={2},
  pages={94--109},
  year={2004},
  publisher={Wiley Online Library}
}

@article{Cure,
  title={A long-term survivor of leiomyosarcoma around the right side of the base of the skull: effective radiotherapy combined with intra-arterial chemotherapy},
  author={Tokiya and Imajo and Yoden and Hiratsuka and Kobatake and Gyoten and Imai and Kajihara},
  journal={International journal of clinical oncology},
  volume={7},
  number={1},
  pages={57--61},
  year={2002},
  publisher={Springer}
}

@article{1000,
  title={A map of human genome variation from population-scale sequencing},
  author={1000 Genomes Project Consortium and others},
  journal={Nature},
  volume={467},
  number={7319},
  pages={1061--1073},
  year={2010},
  publisher={Nature Publishing Group}
}

@article{dbsnp,
  title={dbSNP: the NCBI database of genetic variation},
  author={Sherry and Ward and Kholodov and Baker and Phan and Smigielski and Sirotkin},
  journal={Nucleic acids research},
  volume={29},
  number={1},
  pages={308--311},
  year={2001},
  publisher={Oxford Univ Press}
}

@article{VCF,
  title={The variant call format and VCFtools},
  author={Danecek and Auton and Abecasis and Albers and Banks and DePristo and Handsaker  and Lunter and Marth and Sherry and others},
  journal={Bioinformatics},
  volume={27},
  number={15},
  pages={2156--2158},
  year={2011},
  publisher={Oxford Univ Press}
}

@article{bedtools,
  title={BEDTools: a flexible suite of utilities for comparing genomic features},
  author={Quinlan and Hall},
  journal={Bioinformatics},
  volume={26},
  number={6},
  pages={841--842},
  year={2010},
  publisher={Oxford Univ Press}
}

@article{Refseq,
  title={NCBI reference sequences (RefSeq): a curated non-redundant sequence database of genomes, transcripts and proteins},
  author={Pruitt and Tatusova and Maglott},
  journal={Nucleic acids research},
  volume={35},
  number={suppl 1},
  pages={D61--D65},
  year={2007},
  publisher={Oxford Univ Press}
}

@article{oncotator,
  title={Oncotator: cancer variant annotation tool},
  author={Ramos and Lichtenstein and Gupta and Lawrence and Pugh and Saksena and Meyerson and Getz},
  journal={Human mutation},
  volume={36},
  number={4},
  pages={E2423--E2429},
  year={2015},
  publisher={Wiley Online Library}
}

@article{TCGA,
  title={The Cancer Genome Atlas (TCGA): an immeasurable source of knowledge},
  author={Tomczak and Czerwi{\'n}ska and Wiznerowicz},
  journal={Contemporary oncology},
  volume={19},
  number={1A},
  pages={A68},
  year={2015},
  publisher={Termedia Publishing}
}

@article{ICGC,
  title={International Cancer Genome Consortium Data Portal—a one-stop shop for cancer genomics data},
  author={Zhang and Baran and Cros and Guberman and Haider and Hsu and Liang and Rivkin  and Wang and Whitty and others},
  journal={Database},
  volume={2011},
  pages={bar026},
  year={2011},
  publisher={Oxford University Press}
}

@article{cosmic,
  title={The COSMIC (Catalogue of Somatic Mutations in Cancer) database and website},
  author={Bamford and Dawson and Forbes and Clements and Pettett and Dogan and Flanagan and Teague and Futreal and Stratton and others},
  journal={British journal of cancer},
  volume={91},
  number={2},
  pages={355--358},
  year={2004},
  publisher={Nature Publishing Group}
}

@article{wgEncode,
  title={Patterns of regulatory activity across diverse human cell types predict tissue identity, transcription factor binding, and long-range interactions},
  author={Sheffield and Thurman and Song and Safi and Stamatoyannopoulos and Lenhard and Crawford and Furey},
  journal={Genome research},
  volume={23},
  number={5},
  pages={777--788},
  year={2013},
  publisher={Cold Spring Harbor Lab}
}

@article{mills,
  title={Small insertions and deletions (INDELs) in human genomes},
  author={Mullaney and Mills and Pittard and Devine},
  journal={Human molecular genetics},
  volume={19},
  number={R2},
  pages={R131--R136},
  year={2010},
  publisher={Oxford Univ Press}
}

@article{100000,
  title={UK gears up to decode 100 000 genomes from NHS patients},
  author={Siva, Nayanah},
  journal={The Lancet},
  volume={385},
  number={9963},
  pages={103--104},
  year={2015},
  publisher={Elsevier}
}

@article{signature,
  title={Signatures of mutational processes in human cancer},
  author={Alexandrov and Nik-Zainal and Wedge and Aparicio and Behjati and Biankin and Bignell and Bolli and Borg and B{\o}rresen-Dale and others},
  journal={Nature},
  volume={500},
  number={7463},
  pages={415--421},
  year={2013},
  publisher={Nature Publishing Group}
}

@article{Tophat,
  title={TopHat: discovering splice junctions with RNA-Seq},
  author={Trapnell, Cole and Pachter, Lior and Salzberg, Steven L},
  journal={Bioinformatics},
  volume={25},
  number={9},
  pages={1105--1111},
  year={2009},
  publisher={Oxford Univ Press}
}


@article{Cufflinks,
  title={Transcript assembly and quantification by RNA-Seq reveals unannotated transcripts and isoform switching during cell differentiation},
  author={Trapnell and Williams and Pertea and Mortazavi and Kwann and Van Baren and Salzberg and Wold and Pachter},
  journal={Nature biotechnology},
  volume={28},
  number={5},
  pages={511--515},
  year={2010},
  publisher={Nature Publishing Group}
}

@article{harmonizome,
  title={The harmonizome: a collection of processed datasets gathered to serve and mine knowledge about genes and proteins},
  author={Rouillard and Gundersen and Fernandez and Wang and Monteiro and McDermott and Ma’ayan},
  journal={Database},
  volume={2016},
  pages={baw100},
  year={2016},
  publisher={Oxford University Press}
}

@article{oct1_cancer,
  title={Transcription factor Oct1 is a somatic and cancer stem cell determinant},
  author={Maddox and Shakya and South and Shelton and Andersen and Chidester and Kang and Gligorich and Jones and Spangrude and others},
  journal={PLoS Genet},
  volume={8},
  number={11},
  pages={e1003048},
  year={2012},
  publisher={Public Library of Science}
}

@article{mef2_cancer,
  title={MEF2 transcription factors: developmental regulators and emerging cancer genes},
  author={Pon and Marra},
  journal={Oncotarget},
  volume={7},
  number={3},
  pages={2297},
  year={2016},
  publisher={Impact Journals, LLC}
}

@article{foxj2_cancer,
  title={Overexpression of forkhead box J2 can decrease the migration of breast cancer cells},
  author={Wang and Yang and Ni and He and Zhao and Yuan and Li and Chen and Zhang and Zou and others},
  journal={Journal of cellular biochemistry},
  volume={113},
  number={8},
  pages={2729--2737},
  year={2012},
  publisher={Wiley Online Library}
}


@misc{Insee,
    author={Insee},
    year={2013},
    url={http://www.insee.fr/fr/themes/tableau.asp}
}

@misc{OMS,
	url={http://www.who.int/mediacentre/factsheets/fs310/fr/},
    author={OMS},
    year={2000-2012}
}

@misc{genome,
	url={http://www.1000genomes.org/data},
    author={1000genome},
    year={2015}
}

@misc{BCF,
	url={https://samtools.github.io/bcftools/bcftools.html},
    author={Samtools},
    year={2016}
}

@misc{Picard,
	url={http://broadinstitute.github.io/picard/},
    author="{Broad Institute}",
    year={2016}
}

@misc{encode,
  title = {ENCODE PROJECT},
  author={Encode},
  year = {2003 - 2012},
  url = {https://genome.ucsc.edu/ENCODE/}
}

@misc{UCSC,
  title = {University of California, Santa Cruz},
  author= "{Genome Bioinformatics Group}",
  year = {2000 - NOW},
  url = {https://genome.ucsc.edu/}
}

@misc{GATK,
title = {Infrastructure for GATK},
author = {Prabhakaran},
url = {http://www.intel.com/content/www/us/en/healthcare-it/solutions/documents/deploying-gatk-best-practices-paper.html},
year = {2015}
}

@misc{Cancer,
	url = {http://www.e-cancer.fr/Professionnels-de-sante/L-organisation-de-l-offre-de-soins/Oncogenetique/Les-predispositions-genetiques},
    author = "{Institut National du Cancer}",
    year = {2015}
}

@misc{Havana,
	url={http://www.sanger.ac.uk/science/groups/vertebrate-annotation},
    author="{Sanger Institute}",
    year={2015}
}

@misc{MCIA,
	url={http://www.mcia.univ-bordeaux.fr/index.php?id=42},
    author={MCIA},
    year={2003-2016}
}